%% This BibTeX bibliography file was created using BibDesk.
%% http://bibdesk.sourceforge.net/


%% Created for Marvin Rausand at 2014-08-12 10:34:20 +0200 


%% Saved with string encoding Unicode (UTF-8) 


% http://www.mountaingoatsoftware.com/blog/advantages-of-the-as-a-user-i-want-user-story-template    User stories and ignoring the last part (so that...)

%


%###########################################################
%#DO NOT ADD NEW WEB REFERENCES WITHOUT A DATE OF RETRIEVAL#
%#DO NOT ADD NEW WEB REFERENCES WITHOUT A DATE OF RETRIEVAL#
%#DO NOT ADD NEW WEB REFERENCES WITHOUT A DATE OF RETRIEVAL#
%#DO NOT ADD NEW WEB REFERENCES WITHOUT A DATE OF RETRIEVAL#
%#DO NOT ADD NEW WEB REFERENCES WITHOUT A DATE OF RETRIEVAL#
%###########################################################
@misc{dockerCompose,
    author    = "Docker",
    title     = "\textit{Overview of Docker Compose}",
    year      = {2016},
    howpublished = "{https://docs.docker.com/compose/overview/}",
    note = "[Accessed 2016-05-29]"
}

@misc{siege,
    author    = "Jeffrey Fulmer",
    title     = "\textit{Siege Home}",
    year      = {2012},
    howpublished = "{https://www.joedog.org/siege-home/}",
    note = "[Accessed 2016-05-29]"
}

@misc{digitaloceanMesosphere,
    author    = "Mitchell Anicas",
    title     = "\textit{An Introduction to Mesosphere}",
    year      = {2014},
    howpublished = "\\{https://www.digitalocean.com/community/tutorials/an-introduction-to-mesosphere}",
    note = "[Accessed 2016-05-14]"
}

@misc{osloMicroservices,
    author    = "Jan Henrik Gundelsby",
    title     = "\textit{Erfaringer fra 150 mikrotjenester fordeler og ulemper}",
    year      = {2014},
    howpublished = "{http://www.slideshare.net/janhenrik2/erfaringer-fra-150-mikrotjenester-fordeler-og-ulemper}",
    note = "[Accessed 2016-05-10]"
}

@misc{logstash,
    author    = "Lee Smith",
    title     = "\textit{Why Logstash is the backbone of the ELK stack}",
    year      = {2015},
    howpublished = "{http://blog.logit.io/why-logstash-is-the-backbone-of-the-elk-stack/}",
    note = "[Accessed 2016-05-14]"
}

@misc{whyGo,
    author    = "Paul Krill",
    title     = "\textit{Google's Go language is off to a great start, but still has work ahead}",
    year      = {2015},
    howpublished = "{http://www.infoworld.com/article/2896575/google-go/googles-go-language-pros-and-cons.html}",
    note = "[Accessed 2016-05-19]"
}

@misc{whyPostgres,
    author    = " PostgreSQL Global Development Group",
    title     = "\textit{Advantages}",
    year      = {2016},
    howpublished = "{http://www.postgresql.org/about/advantages/}",
    note = "[Accessed 2016-05-19]"
}

@misc{registrator,
    author    = "Glider Labs",
    title     = "\textit{Service registry bridge for Docker}",
    year      = {2016},
    howpublished = "{http://gliderlabs.com/registrator/latest/}",
    note = "[Accessed 2016-05-14]"
}

@misc{solr,
    author    = "Peter Karussell",
    title     = "\textit{Apache Solr: Get Started, Get Excited!}",
    year      = {2011},
    howpublished = "{https://dzone.com/articles/apache-solr-get-started-get}",
    note = "[Accessed 2016-05-14]"
}

@misc{consulMicroservice,
    author    = "Mammutus",
    title     = "\textit{Microservice Service Discovery with Consul}",
    year      = {2015},
    howpublished = "{http://www.mammatustech.com/Microservice-Service-Discovery-with-Consul}",
    note = "[Accessed 2016-05-14]"
}

@misc{scrumvideo,
    author    = "Uzility",
    title     = "\textit{Introduction to Scrum - 7 Minutes} [Video file]",
    year      = {2014},
    howpublished = "{https://www.youtube.com/watch?v=9TycLR0TqFA}",
    note = "[Accessed 2016-02-19]"
}

@misc{userStories,
    author    = "Mike Cohn",
    title     = "\textit{Advantages of the “As a user, I want” user story}",
    year      = {2008},
    howpublished = "{http://www.mountaingoatsoftware.com/blog/advantages-of-the-as-a-user-i-want-user-story-template}",
    note = "[Accessed 2016-05-09]"
}

@misc{pwcMicroservices,
    author    = "PwC",
    title     = "\textit{Rethinking integration: microservices}",
    year      = {2014},
    howpublished = "{http://www.pwc.com/us/en/technology-forecast/2014/cloud-computing/features/microservices.html}",
    note = "[Accessed 2016-05-11]"
}

@misc{alpineLinux,
    author    = "Gliderlabs",
    title     = "\textit{Alpine Linux Docker Image}",
    year      = {2016},
    howpublished = "{http://gliderlabs.viewdocs.io/docker-alpine/}",
    note = "[Accessed 2016-05-11]"
}

@misc{devopsDockerVSVM,
    author    = "Sudhi Seshachala",
    title     = "\textit{Docker vs VMs}",
    year      = {2014},
    howpublished = "{http://devops.com/2014/11/24/docker-vs-vms/}",
    note = "[Accessed 2016-05-11]",
}

@misc{iso25010,
    author  = "ISO/IEC",
    title   = "\textit{ISO/IEC 25010 -  Systems and SoftwareEngineering - Systems and Software Quality Require-ments and Evaluation (SQuaRE) - System and Soft-ware Quality Models}",
    year    = {2011},
}

@misc{trkInfo,
    author  ="Mohsen Anvaari",
    howpublished = "Personal communication (E-mail)",
    year    = {2016}
    }
    
@misc{nginxMicroservices,
    author    = "Chris Richardson",
    title     = "\textit{Building Microservices: Using an API Gateway}",
    year      = {2015},
    howpublished = "{https://www.nginx.com/blog/building-microservices-using-an-api-gateway/}",
    note = "[Accessed 2016-05-09]"
}
    
@misc{nginxMicroservicesMessageBroker,
    author    = "Chris Richardson",
    title     = "\textit{Building Microservices: Inter-Process Communication in a Microservices Architecture}",
    year      = {2015},
    howpublished = "{https://www.nginx.com/blog/building-microservices-inter-process-communication/}",
    note = "[Accessed 2016-05-09]"
}

@misc{dockerDzone,
    author    = "Uri Cohen",
    title     = "\textit{Docker...Containers, Microservices and Orchestrating the Whole Symphony}",
    year      = {2015},
    howpublished = "{https://dzone.com/articles/dockercontainers-microservices}",
    note = "[Accessed 2016-05-09]"
}

@misc{whyDebian,
    author    = "Kaisa Mikoluk",
    title     = "\textit{Debian vs. Ubuntu: Which is the Right Linux Distribution for You?}",
    year      = {2013},
    howpublished = "{https://blog.udemy.com/debian-vs-ubuntu/}",
    note = "[Accessed 2016-05-09]"
}

@misc{geekbot,
    author    = "VentureGeeks",
    title     = "\textit{Geekbot}",
    year      = {2016},
    howpublished = "{https://geekbot.io/}",
    note = "[Accessed 2016-05-09]"
}

@misc{granularity,
    author    = "Jason Bloomberg",
    title     = "\textit{Think big with microservices: Lego-like software development takes shape}",
    year      = {2016},
    howpublished = "{http://techbeacon.com/think-big-microservices-lego-software-development-takes-shape}",
    note = "[Accessed 2016-02-09]"
}

@misc{oauth2RFC,
    author = "Dick Hardt",
    publisher = "Internet Engineering Task Force, IETF",
    title = "\textit{The OAuth 2.0 Authorization Framework}",
    year = {2012},
    howpublished = "{https://tools.ietf.org/html/rfc6749}",
    note = "[Accessed 2016-02-24]"
}

@misc{storyPoints,
    author = "John Martin",
    publisher = "CA Agile Central",
    title     = "\textit{Agile Chalk Talk: Story Points} [Video file]",
    year      = {2010},
    howpublished = "{https://www.youtube.com/watch?v=90Xx8QVnXRc}",
    note = "[Accessed 2016-05-09]"
}

@misc{twisted, 
    author = "twistedmatrix.com",
    title ="\textit{Twisted}",
    year = {09.02.2016},
    howpublished="{http://twistedmatrix.com/trac/}",
    note = "[Accessed 2016-05-18]"
}

@book{nltk,
	Address = {http://nltk.org/book},
	Author = {Steven Bird, Ewan Klein, and Edward Loper},
	Edition = {2nd},
	Publisher = {O’Reilly Media Inc.},
	Title = {Natural Language Processing with Python},
	Year = {2009}
}

@misc{norvig, 
    author = "Petter Norvig",
    title ="\textit{How to Write a Spelling Corrector}",
    year = {2007},
    howpublished="{http://norvig.com/spell-correct.html}",
    note = "[Accessed 2016-03-14]"
}

@misc{entangled, 
    author = "Francois Aucamp",
    title ="\textit{Entangled}",
    howpublished="{http://entangled.sourceforge.net/}",
    note = "[Accessed 2016-05-26]"
}

@misc{summernote, 
    author = "Summernote team",
    title ="\textit{summernote}",
    howpublished="{http://summernote.org/}",
    note = "[Accessed 2016-05-26]"
}

@misc{MongoDB, 
    author = "MongoDB Inc",
    title ="\textit{MongoDB}",
    howpublished="{https://www.mongodb.com/document-databases}",
    note = "[Accessed 2016-05-26]"
}

@misc{htsm,
    author = "James Bach",
    title = "Heuristic Test Strategy Model",
    year = {2015},
    howpublished = "{http://www.satisfice.com/tools/htsm.pdf}",
    note = "[Accessed 2016-05-19]"
}

@misc{sprialModel,
    author = "Barry Boehm",
    title = "Spiral Development:Experience, Principles, and Refinements",
    year = {2000},
    howpublished = "{http://www.sei.cmu.edu/reports/00sr008.pdf}",
    note = "[Accessed 2016-05-20]"
}

@misc{webResponseTime,
    author = "Jakob Nielsen",
    title = "Response time: The 3 Important Limits",
    year = {1993},
    howpublished = "{https://www.nngroup.com/articles/response-times-3-important-limits/}",
    note = "[Accessed 2016-05-28]"
}

@misc{whatIsDevOps,
    author = "Mike Loukides",
    title = "What is DevOps?",
    year = {2012},
    howpublished = "{http://radar.oreilly.com/2012/06/what-is-devops.html}",
    note = "[Accessed 2016-05-27]"
}

@misc{ibmSoaDescription,
    author = "Kim J. Clark",
    title = "Microservices, SOA, and APIs: Friends or enemies?",
    year = {2016},
    howpublished = "{http://www.ibm.com/developerworks/websphere/library/techarticles/1601\_clark-trs/1601\_clark.html}",
    note = "[Accessed 2016-05-30]"
}


